@article{Roadmap,
  author =       {Nina Otter and Mason A Porter and Ulrike Tillmann and Peter Grindrod and Heather A Harrington},
  title =        "A roadmap for the computation of persistent homology",
  journal =      "EPJ Data Science",
  volume =       "6",
  number =       "17",
  year =         "2017",
  DOI =          "https://doi.org/10.1140/epjds/s13688-017-0109-5",
}

@book{Edelsbrunner,
author = {Edelsbrunner, Herbert and Harer, John},
year = {2010},
month = {01},
pages = {},
title = {Computational Topology: An Introduction},
isbn = {978-0-8218-4925-5},
doi = {10.1007/978-3-540-33259-6_7}
}

@article{Bauer_2016,
   title={The Morse theory of Čech and Delaunay complexes},
   volume={369},
   ISSN={1088-6850},
   url={http://dx.doi.org/10.1090/tran/6991},
   DOI={10.1090/tran/6991},
   number={5},
   journal={Transactions of the American Mathematical Society},
   publisher={American Mathematical Society (AMS)},
   author={Bauer, Ulrich and Edelsbrunner, Herbert},
   year={2016},
   month={Dec},
   pages={3741–3762}
}

@article{Stewart,
 ISSN = {00361399},
 URL = {http://www.jstor.org/stable/2099241},
 author = {G. W. Stewart},
 journal = {SIAM Journal on Applied Mathematics},
 number = {1},
 pages = {33--45},
 publisher = {Society for Industrial and Applied Mathematics},
 title = {On the Continuity of the Generalized Inverse},
 volume = {17},
 year = {1969}
}

@book{Wilkinson,
author = {Wilkinson, James H.},
title = {Rounding Errors in Algebraic Processes},
year = {1994},
isbn = {0486679993},
publisher = {Dover Publications, Inc.},
address = {USA}
}
